%
% BibTex Database
% ===========================================================================

@book{watzlawick2011menschliche,
  title={Menschliche Kommunikation: Formen, St{\"o}rungen, Paradoxien},
  author={Watzlawick, P. and Bavelas, J.B. and Jackson, D.D.},
  isbn={9783456849706},
  series={Psychologie-Klassiker},
  url={http://books.google.ch/books?id=a\_W3ygAACAAJ},
  year={2011},
  publisher={Huber}
}

